@article{borwein1987way,
  title={The way of all means},
  author={Borwein, JM and Borwein, PB},
  journal={American Mathematical Monthly},
  pages={519--522},
  year={1987},
  publisher={JSTOR}
}

@article{bailey1997quest,
  title={The quest for pi},
  author={Bailey, David H and plouffe, Simon M and Borwein, Peter B and borwein, Jonathan M},
  journal={The Mathematical Intelligencer},
  volume={19},
  number={1},
  pages={50--56},
  year={1997},
  publisher={Springer}
}

@inproceedings{brent2006fast,
  title={Fast algorithms for high-precision computation of elementary functions},
  author={Brent, Richard P},
  booktitle={Proceedings of 7th conference on real numbers and computers (RNC 7)},
  pages={7--8},
  year={2006},
  howpublished = "\url{http://gan.anu.edu.au/~brent/pd/sydney-it-07t.pdf}",
  note = "[Online; accessed 30-May-2015]"
}

@book{arndt2010matters,
  title={Matters Computational: ideas, algorithms, source code},
  author={Arndt, J{\"o}rg},
  year={2010},
  publisher={Springer Science \& Business Media},
  howpublished = "\url{http://www.jjj.de/fxt/fxtbook.pdf}",
  note = "[Online; accessed 30-May-2015]"
}

@article{veberic2010having,
  title={Having fun with Lambert W (x) function},
  author={Veberic, Darko},
  journal={arXiv preprint arXiv:1003.1628},
  year={2010},
  howpublished = "\url{http://arxiv.org/pdf/1003.1628}",
  note = "[Online; accessed 30-May-2015]"
}

@article{fritsch1973solution,
  title={Solution of the transcendental equation we w= x},
  author={Fritsch, Fred N. and Shafer, RE and Crowley, WP},
  journal={Communications of the ACM},
  volume={16},
  number={2},
  pages={123--124},
  year={1973},
  publisher={ACM}
}

@article{ng1992argument,
  title={Argument reduction for huge arguments: Good to the last bit},
  author={Ng, Kwok C},
  journal={Unpublished draft, available from the author (kwok. ng@ eng. sun. com)},
  year={1992},
  howpublished = "\url{http://citeseerx.ist.psu.edu/viewdoc/download?doi=10.1.1.67.5616&rep=rep1&type=pdf}",
  note = "[Online; accessed 30-May-2015]",
  publisher={Citeseer}
}

@book{brent2010modern,
  title={Modern computer arithmetic},
  author={Brent, Richard P and Zimmermann, Paul},
  volume={18},
  year={2010},
  howpublished = "\url{http://arxiv.org/pdf/1004.4710}",
  note = "[Online; accessed 30-May-2015]",
  publisher={Cambridge University Press}
}

@book{stormer1896application,
  title={Sur L'application de la Th{\'e}orie Des Nombres Entiers Complexes {\`A} la Solution en Nombres Rationnels X1 X2... Xn C1 C2... Cn, K de L'{\'e}quation: C1 Arc Tg X1+ C2 Arc Tg X2+...+ Cn Arc Tg Xn},
  author={ST{\O}RMER, Fredrik Carl M{\"u}lertz},
  year={1896}
}

@book{cohen1993course,
  title={A course in computational algebraic number theory},
  author={Cohen, Henri},
  volume={138},
  year={1993},
  publisher={Springer Science \& Business Media}
}

@book{borwein2004mathematics,
  title={Mathematics by experiment: Plausible reasoning in the 21st century},
  author={Borwein, Jonathan M and Bailey, David H and Bailey, David},
  year={2004},
  publisher={AK Peters Natick, MA},
  howpublished = "\url{http://www.austms.org.au/Gazette/2005/Jul05/bookreviews.pdf}",
  note = "[Online; accessed 30-May-2015]",
}

@article{spouge1994computation,
  title={Computation of the gamma, digamma, and trigamma functions},
  author={Spouge, John L},
  journal={SIAM Journal on Numerical Analysis},
  volume={31},
  number={3},
  pages={931--944},
  year={1994},
  publisher={SIAM}
}







